% This is annote.bib
% Author:Rattanai Sawaspanich 
% ECE472: Final Paper Bibliography

%%%%%%%%%%%%%%%%%%%%%%%%%%%%%%%%%%%%%%%%%%%%%%%%%%%%%%%%%%%%%%%%%%%%%%%%%%%%%%%%%%%%%%%%%

%ALPHA
@inbook{alp_intr,
  book	    = {Alpha Architecture Handbook},
  edition   = {3},
  title     = {Basic Architecture},
  chapter   = {2},
  publisher = {Digital Equipment Corporation},
  year		= {October 1996},
  annote	= {	The chapter used as a reference for introduction chapter
     of the paper. In the chapter of the handbook, it descripted the overall architecture 
	design including Addressing, and Data Type handling.
  },
	url		= {http://www.cs.arizona.edu/projects/alto/Doc/local/alphahb2.pdf}
}

@inbook{alp_intr_fmt,
  book	    = {Alpha Architecture Handbook},
  edition   = {3},
  title     = {Instruction Formats},
  chapter   = {3},
  publisher = {Digital Equipment Corporation},
  year		= {October 1996},
  annote	= {	The chapter is used to explain the concept of floating point registers
     programming registers, and integer registers. Furthermore, the chapter also go over the 
     different types of instrcution formats. 
  },
	url		= {http://www.cs.arizona.edu/projects/alto/Doc/local/alphahb2.pdf}
}

@inbook{alp_intr2,
  book	    = {Alpha Architecture Handbook},
  edition   = {4},
  title     = {Instruction Formats},
  chapter   = {3},
  publisher = {Compaq},
  year		= {October 1998},
  annote	= { This is a newer version of the Alpha handbook. This manual is used for the
	comparison of the Alpha system before and after DEC is bought by Compaq. The majority 
        of the document remains the same between volume 3 and volume 4. 
  },
	url		= {http://www.compaq.com/cpq-alphaserver/technology/literature/alphaahb.pdf}
}

@inbook{alp_hist,
  book	    = {Alpha Architecture Handbook},
  title     = {A study of the Alpha 21364 Processor},
  publisher = {University of Utah},
  author    = {Arul Prakash},
  annote	= { The lecture slides are used as a reference for the Alpha archtecture timeline. 
    The document provides a breif summary and the development of Alpha archtecture in chronical order. 
  },
	url		= {http://www.cs.utah.edu/~arul/projects/alpha.pdf}
}


%IA-32
@inbook{x86_hist,
  book	    = {Intel® 64 and IA-32 Architectures Software Developer’s Manual},
  edition   = {1},
  title     = {Intel 64 and IA-32 Architectures},
  chapter   = {2},
  publisher = {Intel Corporation},
  year		= {September 2015},
  annote	= { This seciton of Intel Software Developer's Manual discusses about the development 
     history of Intel processors and their features. The information is referred in the history section
	of the final paper.
  },
	url		= { http://www.intel.com/content/dam/www/public/us/en/documents/manuals/64-ia-32-architectures-software-developer-manual-325462.pdf}
}

@inbook{x86_reg,
  book	    = {Intel® 64 and IA-32 Architectures Software Developer’s Manual},
  edition   = {1},
  title     = {Basic Execution Environment},
  chapter   = {3},
  publisher = {Intel Corporation},
  year		= {September 2015},
  annote	= { This seciton of Intel Software Developer's Manual discusses about the different types of
 registers used in x86 architecutre. It provides a really useful information regarding the general flow of
 the data the IA-32 },
	url		= { http://www.intel.com/content/dam/www/public/us/en/documents/manuals/64-ia-32-architectures-software-developer-manual-325462.pdf}
}

@inbook{x86_type,
  book	    = {Intel® 64 and IA-32 Architectures Software Developer’s Manual},
  edition   = {1},
  title     = {Data Types},
  chapter   = {4},
  publisher = {Intel Corporation},
  year		= {September 2015},
  annote	= { This seciton of Intel Software Developer's Manual discusses about the different types of
 data type supported in x86 architecutre. It provides the format layout for each of the data type in great
   detail. This section of manual is referred in register section of final paper. 
},
	url		= { http://www.intel.com/content/dam/www/public/us/en/documents/manuals/64-ia-32-architectures-software-developer-manual-325462.pdf}
}

@inbook{x86_fpu,
  book	    = {Intel® 64 and IA-32 Architectures Software Developer’s Manual},
  edition   = {1},
  title     = {Programming with the x87 FPU},
  chapter   = {8},
  publisher = {Intel Corporation},
  year		= {September 2015},
  annote	= { This seciton of Intel Software Developer's Manual discusses on how IA-32 handle floating 
     point operation using FPU. The section is referred by the floating point handling in the final paper.
  },
	url		= { http://www.intel.com/content/dam/www/public/us/en/documents/manuals/64-ia-32-architectures-software-developer-manual-325462.pdf}
}

